@article{yu2014flat,
  title={Flat optics with designer metasurfaces},
  author={Yu, Nanfang and Capasso, Federico},
  journal={Nature materials},
  volume={13},
  number={2},
  pages={139--150},
  year={2014},
  publisher={Nature Publishing Group}
}
@article{banerji2019imaging,
  title={Imaging with flat optics: metalenses or diffractive lenses?},
  author={Banerji, Sourangsu and Meem, Monjurul and Majumder, Apratim and Vasquez, Fernando Guevara and Sensale-Rodriguez, Berardi and Menon, Rajesh},
  journal={Optica},
  volume={6},
  number={6},
  pages={805--810},
  year={2019},
  publisher={Optical Society of America}
}
@article{aflatouni2015nanophotonic,
  title={Nanophotonic coherent imager},
  author={Aflatouni, Firooz and Abiri, Behrooz and Rekhi, Angad and Hajimiri, Ali},
  journal={Optics Express},
  volume={23},
  number={4},
  pages={5117--5125},
  year={2015},
  publisher={Optical Society of America}
}
@article{sun2016optical,
  title={Optical modulators with 2D layered materials},
  author={Sun, Zhipei and Martinez, Amos and Wang, Feng},
  journal={Nature Photonics},
  volume={10},
  number={4},
  pages={227--238},
  year={2016},
  publisher={Nature Publishing Group}
}
@article{wang2018nanophotonic,
  title={Nanophotonic lithium niobate electro-optic modulators},
  author={Wang, Cheng and Zhang, Mian and Stern, Brian and Lipson, Michal and Lon{\v{c}}ar, Marko},
  journal={Optics express},
  volume={26},
  number={2},
  pages={1547--1555},
  year={2018},
  publisher={Optical Society of America}
}
@article{guo2014metallic,
  title={Metallic nanostructures for light trapping in energy-harvesting devices},
  author={Guo, Chuan Fei and Sun, Tianyi and Cao, Feng and Liu, Qian and Ren, Zhifeng},
  journal={Light: Science \& Applications},
  volume={3},
  number={4},
  pages={e161--e161},
  year={2014},
  publisher={Nature Publishing Group}
}
@article{baranov2019nanophotonic,
  title={Nanophotonic engineering of far-field thermal emitters},
  author={Baranov, Denis G and Xiao, Yuzhe and Nechepurenko, Igor A and Krasnok, Alex and Al{\`u}, Andrea and Kats, Mikhail A},
  journal={Nature materials},
  pages={1},
  year={2019},
  publisher={Nature Publishing Group}
}
@article{zhu2017plasmonic,
  title={Plasmonic computing of spatial differentiation},
  author={Zhu, Tengfeng and Zhou, Yihan and Lou, Yijie and Ye, Hui and Qiu, Min and Ruan, Zhichao and Fan, Shanhui},
  journal={Nature communications},
  volume={8},
  number={1},
  pages={1--6},
  year={2017},
  publisher={Nature Publishing Group}
}
@article{zhou2020flat,
  title={Flat optics for image differentiation},
  author={Zhou, You and Zheng, Hanyu and Kravchenko, Ivan I and Valentine, Jason},
  journal={Nature Photonics},
  volume={14},
  number={5},
  pages={316--323},
  year={2020},
  publisher={Nature Publishing Group}
}
@article{molesky2018inverse,
  title={Inverse design in nanophotonics},
  author={Molesky, Sean and Lin, Zin and Piggott, Alexander Y and Jin, Weiliang and Vuckovi{\'c}, Jelena and Rodriguez, Alejandro W},
  journal={Nature Photonics},
  volume={12},
  number={11},
  pages={659--670},
  year={2018},
  publisher={Nature Publishing Group}
}
@article{goldberg1988genetic,
author={Goldberg, David E.
and Holland, John H.},
title={Genetic Algorithms and Machine Learning},
journal={Machine Learning},
year={1988},
month={Oct},
day={01},
volume={3},
number={2},
pages={95-99},
issn={1573-0565},
doi={10.1023/A:1022602019183},
url={https://doi.org/10.1023/A:1022602019183}
}
@article{wiecha2017evolutionary,
  title={Evolutionary multi-objective optimization of colour pixels based on dielectric nanoantennas},
  author={Wiecha, Peter R and Arbouet, Arnaud and Girard, Christian and Lecestre, Aur{\'e}lie and Larrieu, Guilhem and Paillard, Vincent},
  journal={Nature nanotechnology},
  volume={12},
  number={2},
  pages={163},
  year={2017},
  publisher={Nature Publishing Group}
}
@article{huntington2014subwavelength,
  title={Subwavelength lattice optics by evolutionary design},
  author={Huntington, Mark D and Lauhon, Lincoln J and Odom, Teri W},
  journal={Nano letters},
  volume={14},
  number={12},
  pages={7195--7200},
  year={2014},
  publisher={ACS Publications}
}
@article{feichtner2012evolutionary,
  title={Evolutionary optimization of optical antennas},
  author={Feichtner, Thorsten and Selig, Oleg and Kiunke, Markus and Hecht, Bert},
  journal={Physical review letters},
  volume={109},
  number={12},
  pages={127701},
  year={2012},
  publisher={APS}
}
@article{jensen2005topology,
  title={Topology optimization of photonic crystal structures: a high-bandwidth low-loss T-junction waveguide},
  author={Jensen, Jakob S and Sigmund, Ole},
  journal={JOSA B},
  volume={22},
  number={6},
  pages={1191--1198},
  year={2005},
  publisher={Optical Society of America}
}
@article{sigmund2013topology,
  title={Topology optimization approaches},
  author={Sigmund, Ole and Maute, Kurt},
  journal={Structural and Multidisciplinary Optimization},
  volume={48},
  number={6},
  pages={1031--1055},
  year={2013},
  publisher={Springer}
}
@article{otomori2017topology,
  title={Topology optimization of hyperbolic metamaterials for an optical hyperlens},
  author={Otomori, Masaki and Yamada, Takayuki and Izui, Kazuhiro and Nishiwaki, Shinji and Andkj{\ae}r, Jacob},
  journal={Structural and Multidisciplinary Optimization},
  volume={55},
  number={3},
  pages={913--923},
  year={2017},
  publisher={Springer}
}
@article{phan2019high,
  title={High-efficiency, large-area, topology-optimized metasurfaces},
  author={Phan, Thaibao and Sell, David and Wang, Evan W and Doshay, Sage and Edee, Kofi and Yang, Jianji and Fan, Jonathan A},
  journal={Light: Science \& Applications},
  volume={8},
  number={1},
  pages={1--9},
  year={2019},
  publisher={Nature Publishing Group}
}
@article{explainable,
	Annote = {doi: 10.1021/acsphotonics.0c01067},
	Author = {Yeung, Christopher and Tsai, Ju-Ming and King, Brian and Kawagoe, Yusaku and Ho, David and Knight, Mark W. and Raman, Aaswath P.},
	Booktitle = {ACS Photonics},
	Da = {2020/08/19},
	Date = {2020/08/19},
	Date-Added = {2021-06-20 14:21:58 +0000},
	Date-Modified = {2021-06-20 14:21:58 +0000},
	Doi = {10.1021/acsphotonics.0c01067},
	Journal = {ACS Photonics},
	M3 = {doi: 10.1021/acsphotonics.0c01067},
	Month = {08},
	Number = {8},
	Pages = {2309--2318},
	Publisher = {American Chemical Society},
	Title = {Elucidating the Behavior of Nanophotonic Structures through Explainable Machine Learning Algorithms},
	Ty = {JOUR},
	Url = {https://doi.org/10.1021/acsphotonics.0c01067},
	Volume = {7},
	Year = {2020},
	Year1 = {2020},
	Bdsk-Url-1 = {https://doi.org/10.1021/acsphotonics.0c01067}
	}


@article{bruner2021,
	Annote = {doi: 10.1021/acsphotonics.0c01468},
	Author = {Zhelyeznyakov, Maksym V. and Brunton, Steve and Majumdar, Arka},
	Booktitle = {ACS Photonics},
	Da = {2021/02/17},
	Date = {2021/02/17},
	Date-Added = {2021-06-20 14:23:22 +0000},
	Date-Modified = {2021-06-20 14:23:22 +0000},
	Doi = {10.1021/acsphotonics.0c01468},
	Journal = {ACS Photonics},
	M3 = {doi: 10.1021/acsphotonics.0c01468},
	Month = {02},
	Number = {2},
	Pages = {481--488},
	Publisher = {American Chemical Society},
	Title = {Deep Learning to Accelerate Scatterer-to-Field Mapping for Inverse Design of Dielectric Metasurfaces},
	Ty = {JOUR},
	Url = {https://doi.org/10.1021/acsphotonics.0c01468},
	Volume = {8},
	Year = {2021},
	Year1 = {2021},
	Bdsk-Url-1 = {https://doi.org/10.1021/acsphotonics.0c01468}
}
@inproceedings{frandsen2016inverse,
author = {Lars H. Frandsen and Ole Sigmund},
title = {{Inverse design engineering of all-silicon polarization beam splitters}},
volume = {9756},
booktitle = {Photonic and Phononic Properties of Engineered Nanostructures VI},
editor = {Ali Adibi and Shawn-Yu Lin and Axel Scherer},
organization = {International Society for Optics and Photonics},
publisher = {SPIE},
pages = {48 -- 53},
keywords = {Inverse design engineering, topology optimization, silicon nanophotonics, polarization beam splitter},
year = {2016},
doi = {},
URL = {https://doi.org/10.1117/12.2210848}
}
@article{shen2014ultra,
  title={Ultra-high-efficiency metamaterial polarizer},
  author={Shen, Bing and Wang, Peng and Polson, Randy and Menon, Rajesh},
  journal={Optica},
  volume={1},
  number={5},
  pages={356--360},
  year={2014},
  publisher={Optical Society of America}
}
@article{shen2015integrated,
  title={An integrated-nanophotonics polarization beamsplitter with 2.4$\times$ 2.4 $\mu$m 2 footprint},
  author={Shen, Bing and Wang, Peng and Polson, Randy and Menon, Rajesh},
  journal={Nature Photonics},
  volume={9},
  number={6},
  pages={378--382},
  year={2015},
  publisher={Nature Publishing Group}
}
@article{piggott2015inverse,
  title={Inverse design and demonstration of a compact and broadband on-chip wavelength demultiplexer},
  author={Piggott, Alexander Y and Lu, Jesse and Lagoudakis, Konstantinos G and Petykiewicz, Jan and Babinec, Thomas M and Vu{\v{c}}kovi{\'c}, Jelena},
  journal={Nature Photonics},
  volume={9},
  number={6},
  pages={374--377},
  year={2015},
  publisher={Nature Publishing Group}
}
@article{lecun2015deep,
  title={Deep learning},
  author={LeCun, Yann and Bengio, Yoshua and Hinton, Geoffrey},
  journal={nature},
  volume={521},
  number={7553},
  pages={436--444},
  year={2015},
  publisher={Nature Publishing Group}
}
@article{leung1991complex,
  title={The complex backpropagation algorithm},
  author={Leung, Henry and Haykin, Simon},
  journal={IEEE Transactions on signal processing},
  volume={39},
  number={9},
  pages={2101--2104},
  year={1991},
  publisher={IEEE}
}
@article{leonard1990improvement,
  title={Improvement of the backpropagation algorithm for training neural networks},
  author={Leonard, James and Kramer, MA},
  journal={Computers \& Chemical Engineering},
  volume={14},
  number={3},
  pages={337--341},
  year={1990},
  publisher={Elsevier}
}
@article{tahersima2018deep,
  title={Deep neural network inverse design of integrated photonic power splitters},
  author={Tahersima, Mohammad H and Kojima, Keisuke and Koike-Akino, Toshiaki and Jha, Devesh and Wang, Bingnan and Lin, Chungwei and Parsons, Kieran},
  journal={Scientific reports},
  volume={9},
  number={1},
  pages={1--9},
  year={2019},
  publisher={Nature Publishing Group}
}
@article{inampudi2018neural,
  title={Neural network based design of metagratings},
  author={Inampudi, Sandeep and Mosallaei, Hossein},
  journal={Applied Physics Letters},
  volume={112},
  number={24},
  pages={241102},
  year={2018},
  publisher={AIP Publishing LLC}
}
@article{zhang2019efficient,
  title={Efficient spectrum prediction and inverse design for plasmonic waveguide systems based on artificial neural networks},
  author={Zhang, Tian and Wang, Jia and Liu, Qi and Zhou, Jinzan and Dai, Jian and Han, Xu and Zhou, Yue and Xu, Kun},
  journal={Photonics Research},
  volume={7},
  number={3},
  pages={368--380},
  year={2019},
  publisher={Optical Society of America}
}
@article{kiarashinejad2020deep,
  title={Deep learning approach based on dimensionality reduction for designing electromagnetic nanostructures},
  author={Kiarashinejad, Yashar and Abdollahramezani, Sajjad and Adibi, Ali},
  journal={npj Computational Materials},
  volume={6},
  number={1},
  pages={1--12},
  year={2020},
  publisher={Nature Publishing Group}
}
@article{borel2004topology,
  title={Topology optimization and fabrication of photonic crystal structures},
  author={Borel, Peter Ingo and Harp{\o}th, Anders and Frandsen, Lars Hagedorn and Kristensen, Martin and Shi, Peixiong and Jensen, Jakob S{\o}ndergaard and Sigmund, Ole},
  journal={Optics express},
  volume={12},
  number={9},
  pages={1996--2001},
  year={2004},
  publisher={Optical Society of America}
}
@article{frellsen2016topology,
  title={Topology optimized mode multiplexing in silicon-on-insulator photonic wire waveguides},
  author={Frellsen, Louise F and Ding, Yunhong and Sigmund, Ole and Frandsen, Lars H},
  journal={Optics express},
  volume={24},
  number={15},
  pages={16866--16873},
  year={2016},
  publisher={Optical Society of America}
}
@article{xiao2016diffractive,
  title={Diffractive spectral-splitting optical element designed by adjoint-based electromagnetic optimization and fabricated by femtosecond 3D direct laser writing},
  author={Xiao, T Patrick and Cifci, Osman S and Bhargava, Samarth and Chen, Hao and Gissibl, Timo and Zhou, Weijun and Giessen, Harald and Toussaint Jr, Kimani C and Yablonovitch, Eli and Braun, Paul V},
  journal={ACS Photonics},
  volume={3},
  number={5},
  pages={886--894},
  year={2016},
  publisher={ACS Publications}
}
@article{sell2017periodic,
  title={Periodic Dielectric Metasurfaces with High-Efficiency, Multiwavelength Functionalities},
  author={Sell, David and Yang, Jianji and Doshay, Sage and Fan, Jonathan A},
  journal={Advanced Optical Materials},
  volume={5},
  number={23},
  pages={1700645},
  year={2017},
  publisher={Wiley Online Library}
}
@article{yu2017genetically,
  title={Genetically optimized on-chip wideband ultracompact reflectors and Fabry--Perot cavities},
  author={Yu, Zejie and Cui, Haoran and Sun, Xiankai},
  journal={Photonics Research},
  volume={5},
  number={6},
  pages={B15--B19},
  year={2017},
  publisher={Optical Society of America}
}
@article{liu2018generative,
  title={Generative model for the inverse design of metasurfaces},
  author={Liu, Zhaocheng and Zhu, Dayu and Rodrigues, Sean P and Lee, Kyu-Tae and Cai, Wenshan},
  journal={Nano letters},
  volume={18},
  number={10},
  pages={6570--6576},
  year={2018},
  publisher={ACS Publications}
}
@article{nadell2019deep,
  title={Deep learning for accelerated all-dielectric metasurface design},
  author={Nadell, Christian C and Huang, Bohao and Malof, Jordan M and Padilla, Willie J},
  journal={Optics express},
  volume={27},
  number={20},
  pages={27523--27535},
  year={2019},
  publisher={Optical Society of America}
}
@article{peurifoy2018nanophotonic,
  title={Nanophotonic particle simulation and inverse design using artificial neural networks},
  author={Peurifoy, John and Shen, Yichen and Jing, Li and Yang, Yi and Cano-Renteria, Fidel and DeLacy, Brendan G and Joannopoulos, John D and Tegmark, Max and Solja{\v{c}}i{\'c}, Marin},
  journal={Science advances},
  volume={4},
  number={6},
  pages={eaar4206},
  year={2018},
  publisher={American Association for the Advancement of Science}
}
@article{qu2019migrating,
  title={Migrating knowledge between physical scenarios based on artificial neural networks},
  author={Qu, Yurui and Jing, Li and Shen, Yichen and Qiu, Min and Soljacic, Marin},
  journal={ACS Photonics},
  volume={6},
  number={5},
  pages={1168--1174},
  year={2019},
  publisher={ACS Publications}
}
@article{tahersima2018deep,
  title={Deep neural network inverse design of integrated photonic power splitters},
  author={Tahersima, Mohammad H and Kojima, Keisuke and Koike-Akino, Toshiaki and Jha, Devesh and Wang, Bingnan and Lin, Chungwei and Parsons, Kieran},
  journal={Scientific reports},
  volume={9},
  number={1},
  pages={1--9},
  year={2019},
  publisher={Nature Publishing Group}
}
@article{malkiel2018plasmonic,
  title={Plasmonic nanostructure design and characterization via deep learning},
  author={Malkiel, Itzik and Mrejen, Michael and Nagler, Achiya and Arieli, Uri and Wolf, Lior and Suchowski, Haim},
  journal={Light: Science \& Applications},
  volume={7},
  number={1},
  pages={1--8},
  year={2018},
  publisher={Nature Publishing Group}
}
@article{liu2018training,
  title={Training deep neural networks for the inverse design of nanophotonic structures},
  author={Liu, Dianjing and Tan, Yixuan and Khoram, Erfan and Yu, Zongfu},
  journal={ACS Photonics},
  volume={5},
  number={4},
  pages={1365--1369},
  year={2018},
  publisher={ACS Publications}
}
@article{explainable,
	Annote = {doi: 10.1021/acsphotonics.0c01067},
	Author = {Yeung, Christopher and Tsai, Ju-Ming and King, Brian and Kawagoe, Yusaku and Ho, David and Knight, Mark W. and Raman, Aaswath P.},
	Booktitle = {ACS Photonics},
	Da = {2020/08/19},
	Date = {2020/08/19},
	Date-Added = {2021-06-20 14:21:58 +0000},
	Date-Modified = {2021-06-20 14:21:58 +0000},
	Doi = {10.1021/acsphotonics.0c01067},
	Journal = {ACS Photonics},
	M3 = {doi: 10.1021/acsphotonics.0c01067},
	Month = {08},
	Number = {8},
	Pages = {2309--2318},
	Publisher = {American Chemical Society},
	Title = {Elucidating the Behavior of Nanophotonic Structures through Explainable Machine Learning Algorithms},
	Ty = {JOUR},
	Url = {https://doi.org/10.1021/acsphotonics.0c01067},
	Volume = {7},
	Year = {2020},
	Year1 = {2020},
	Bdsk-Url-1 = {https://doi.org/10.1021/acsphotonics.0c01067}
	}


@article{bruner2021,
	Annote = {doi: 10.1021/acsphotonics.0c01468},
	Author = {Zhelyeznyakov, Maksym V. and Brunton, Steve and Majumdar, Arka},
	Booktitle = {ACS Photonics},
	Da = {2021/02/17},
	Date = {2021/02/17},
	Date-Added = {2021-06-20 14:23:22 +0000},
	Date-Modified = {2021-06-20 14:23:22 +0000},
	Doi = {10.1021/acsphotonics.0c01468},
	Journal = {ACS Photonics},
	M3 = {doi: 10.1021/acsphotonics.0c01468},
	Month = {02},
	Number = {2},
	Pages = {481--488},
	Publisher = {American Chemical Society},
	Title = {Deep Learning to Accelerate Scatterer-to-Field Mapping for Inverse Design of Dielectric Metasurfaces},
	Ty = {JOUR},
	Url = {https://doi.org/10.1021/acsphotonics.0c01468},
	Volume = {8},
	Year = {2021},
	Year1 = {2021},
	Bdsk-Url-1 = {https://doi.org/10.1021/acsphotonics.0c01468}
}
@Article{StanislavB.Glybovski2016,
  author       = {{Stanislav B. Glybovski} and {Sergei A. Tretyakov} and {Pavel A. Belov} and {Yuri S. Kivshar} and {Constantin R. Simovski}},
  journal      = {Physics Reports},
  title        = {Metasurfaces: {{From}} Microwaves to Visible},
  year         = {2016},
  issn         = {0370-1573},
  pages        = {1--72},
  volume       = {634},
  doi          = {10.1016/j.physrep.2016.04.004},
  shortjournal = {Phys Reports},
}
@Article{Walia2015,
  author       = {Walia, Sumeet and Shah, Charan M. and Gutruf, Philipp and Nili, Hussein and Chowdhury, Dibakar Roy and Withayachumnankul, Withawat and Bhaskaran, Madhu and Sriram, Sharath},
  journal      = {Applied Physics Reviews},
  title        = {Flexible Metasurfaces and Metamaterials: {{A}} Review of Materials and Fabrication Processes at Micro- and Nano-Scales},
  year         = {2015},
  month        = mar,
  number       = {1},
  pages        = {011303},
  volume       = {2},
  doi          = {10.1063/1.4913751},
  publisher    = {{American Institute of Physics}},
  shortjournal = {Applied Physics Reviews},
  shorttitle   = {Flexible Metasurfaces and Metamaterials},
}
@Article{Chen2020,
  author       = {Chen, Yixin and Ai, Bin and Wong, Zi Jing},
  journal      = {Nano Convergence},
  title        = {Soft Optical Metamaterials},
  year         = {2020},
  issn         = {2196-5404},
  month        = may,
  number       = {1},
  pages        = {18},
  volume       = {7},
  doi          = {10.1186/s40580-020-00226-7},
  keywords     = {Metamaterials,Metasurfaces,Nanofabrication,Nanophotonics,Reconfigurable metamaterials,Soft matter},
  shortjournal = {Nano Convergence},
}
@article{Burch2017,
  title = {Conformable {{Holographic Metasurfaces}}},
  author = {Burch, James and Wen, Dandan and Chen, Xianzhong and Di Falco, Andrea},
  date = {2017-07-03},
  journaltitle = {Scientific Reports},
  volume = {7},
  pages = {4520},
  publisher = {{Nature Publishing Group}},
  issn = {2045-2322},
  doi = {10.1038/s41598-017-04482-2},
  url = {https://www.nature.com/articles/s41598-017-04482-2},
  urldate = {2021-05-18},
  issue = {1},
  langid = {english},
  number = {1}
}
@article{Burch2019,
  title = {Holography {{Using Curved Metasurfaces}}},
  author = {Burch, James and Di Falco, Andrea},
  date = {2019-03},
  journaltitle = {Photonics},
  volume = {6},
  pages = {8},
  publisher = {{Multidisciplinary Digital Publishing Institute}},
  doi = {10.3390/photonics6010008},
  url = {https://www.mdpi.com/2304-6732/6/1/8},
  urldate = {2021-05-18},
  issue = {1},
  keywords = {curved,holography,metamaterials,metasurfaces,nonflat optics,reconfigurable,tunable},
  langid = {english},
  number = {1}
}
@Article{Xu2011,
  author       = {Xu, Xinlong and Peng, Bo and Li, Dehui and Zhang, Jun and Wong, Lai Mun and Zhang, Qing and Wang, Shijie and Xiong, Qihua},
  journal      = {Nano Letters},
  title        = {Flexible {{Visible}}\textendash{{Infrared Metamaterials}} and {{Their Applications}} in {{Highly Sensitive Chemical}} and {{Biological Sensing}}},
  year         = {2011},
  issn         = {1530-6984},
  month        = aug,
  number       = {8},
  pages        = {3232--3238},
  volume       = {11},
  doi          = {10.1021/nl2014982},
  publisher    = {{American Chemical Society}},
  shortjournal = {Nano Lett.},
}
@Article{Hokari2018,
  author       = {Hokari, Ryohei and Kurihara, Kazuma and Takada, Naoki and Hiroshima, Hiroshi},
  journal      = {Optics Express},
  title        = {Printed Optical Metamaterials Composed of Embedded Silver Nanoparticles for Flexible Applications},
  year         = {2018},
  issn         = {1094-4087},
  month        = apr,
  number       = {8},
  pages        = {10326--10338},
  volume       = {26},
  doi          = {10.1364/OE.26.010326},
  langid       = {english},
  publisher    = {{Optical Society of America}},
  shortjournal = {Opt. Express, OE},
}
@Article{Karepov2020,
  author       = {Karepov, Sharon and Ellenbogen, Tal},
  journal      = {Optics Letters},
  title        = {Metasurface-Based Contact Lenses for Color Vision Deficiency},
  year         = {2020},
  issn         = {1539-4794},
  month        = mar,
  number       = {6},
  pages        = {1379--1382},
  volume       = {45},
  doi          = {10.1364/OL.384970},
  keywords     = {Color spaces,Color vision,Contact lenses,Electron beam lithography,Refractive anomalies,Scanning electron microscopy},
  langid       = {english},
  publisher    = {{Optical Society of America}},
  shortjournal = {Opt. Lett., OL},
}
@article{DiFalco2010,
  title = {Flexible Metamaterials at Visible Wavelengths},
  author = {Di Falco, Andrea and Ploschner, Martin and Krauss, Thomas F.},
  date = {2010-11-04},
  journaltitle = {New Journal of Physics},
  shortjournal = {New J. Phys.},
  volume = {12},
  pages = {113006},
  publisher = {{IOP Publishing}},
  issn = {1367-2630},
  doi = {10.1088/1367-2630/12/11/113006},
  url = {https://iopscience.iop.org/article/10.1088/1367-2630/12/11/113006/meta},
  urldate = {2020-11-24},
  langid = {english},
  number = {11}
}
@article{ee2016tunable,
  title={Tunable metasurface and flat optical zoom lens on a stretchable substrate},
  author={Ee, Ho-Seok and Agarwal, Ritesh},
  journal={Nano letters},
  volume={16},
  number={4},
  pages={2818--2823},
  year={2016},
  publisher={ACS Publications}
}
@article{makarenko2020generalized,
  title={Generalized Maxwell projections for multi-mode network Photonics},
  author={Makarenko, M and Burguete-Lopez, A and Getman, Fedor and Fratalocchi, Andrea},
  journal={Scientific Reports},
  volume={10},
  number={1},
  pages={1--17},
  year={2020},
  publisher={Nature Publishing Group}
}
@article{getman2020broadband,
  title = {Broadband Vectorial Ultrathin Optics with Experimental Efficiency up to 99\% in the Visible Region via Universal Approximators},
  author = {Getman, F. and Makarenko, M. and Burguete-Lopez, A. and Fratalocchi, A.},
  date = {2021-03-04},
  journaltitle = {Light: Science \& Applications},
  volume = {10},
  pages = {1--14},
  publisher = {{Nature Publishing Group}},
  issn = {2047-7538},
  doi = {10.1038/s41377-021-00489-7},
  url = {https://www.nature.com/articles/s41377-021-00489-7},
  urldate = {2021-03-04},
  issue = {1},
  langid = {english},
  number = {1}
}
